% Encoding: UTF-8

@InProceedings{mastalli20crocoddyl,
  author    = {Mastalli, Carlos and Budhiraja, Rohan and Merkt, Wolfgang and Saurel, Guilhem and Hammoud, Bilal and Naveau, Maximilien and Carpentier, Justin, Righetti, Ludovic and Vijayakumar, Sethu and Mansard, Nicolas},
  title     = {{Crocoddyl: An Efficient and Versatile Framework for Multi-Contact Optimal Control}},
  booktitle = {IEEE International Conference on Robotics and Automation (ICRA)},
  year      = {2020},
}

@Misc{crocoddylweb,
  author       = {Carlos Mastalli, Rohan Budhiraja and Nicolas Mansard and others},
  title        = {Crocoddyl: a fast and flexible optimal control library for robot control under contact sequence},
  howpublished = {https://gepgitlab.laas.fr/loco-3d/crocoddyl/wikis/home},
  year         = {2019},
}

@Misc{mitx6.832web,
  author       = {Russ Tedrake},
  title        = {MITx6.832x: Official Lecture Website},
  howpublished = {http://underactuated.csail.mit.edu/Spring2019/index.htmltextbook/assignments/videos},
  year         = {2020},
}

@InProceedings{tassa2014control,
  author       = {Tassa, Yuval and Mansard, Nicolas and Todorov, Emo},
  title        = {Control-limited differential dynamic programming},
  booktitle    = {2014 IEEE International Conference on Robotics and Automation (ICRA)},
  year         = {2014},
  pages        = {1168--1175},
  organization = {IEEE},
}

@Misc{julesserOCFrameworks,
  author       = {Julian EÃŸer},
  title        = {Comparison of Optimal Control Frameworks for Bipedal Walking of the RH5 robot},
  howpublished = {https://github.com/julesser/oc-frameworkse},
  year         = {2020},
}

@Comment{jabref-meta: databaseType:bibtex;}
